% Journal Articles
@article{miller1994wordnet,
  title = {{WordNet}: A Lexical Database for {English}},
  author = {Miller, George A.},
  booktitle = {{H}uman {L}anguage {T}echnology: Proceedings of a Workshop held at {P}lainsboro, {N}ew {J}ersey, {M}arch 8-11, 1994},
  year = {1994},
  url = {https://aclanthology.org/H94-1111/}
}

@article{sokolova2009systematic,
  title = {A systematic analysis of performance measures for classification tasks},
  author = {Sokolova, Marina and Lapalme, Guy},
  journal = {Information Processing \& Management},
  volume = {45},
  number = {4},
  pages = {427--437},
  year = {2009},
  issn = {0306-4573},
  doi = {10.1016/j.ipm.2009.03.002},
  url = {https://www.sciencedirect.com/science/article/pii/S0306457309000259},
  keywords = {Performance evaluation, Machine Learning, Text classification}
}

@article{tan2024terms,
  title = {When the Terms of Service Change to Make Way for {A.I.} Training},
  author = {Tan, Eli},
  journal = {The New York Times},
  year = {2024},
  month = {6},
  day = {26},
  url = {https://www.nytimes.com/2024/06/26/technology/terms-service-ai-training.html}
}

@article{wolf2019huggingface,
  title = {{HuggingFace's} Transformers: State-of-the-art Natural Language Processing},
  author = {Wolf, Thomas and Debut, Lysandre and Sanh, Victor and Chaumond, Julien and Delangue, Clément and Moi, Anthony and Cistac, Pierric and Rault, Tim and Louf, Rémi and Funtowicz, Morgan and Davison, Joe and Shleifer, Sam and von Platen, Patrick and Ma, Clara and Jernite, Yacine and Plu, Julien and Xu, Canwen and Le Scao, Teven and Gugger, Sylvain and Drame, Mariama and Lhoest, Quentin and Rush, Alexander M.},
  journal = {arXiv preprint arXiv:1910.03771},
  year = {2019},
  url = {https://arxiv.org/abs/1910.03771}
}

% Conference Proceedings
@inproceedings{bird2004nltk,
  title = {{NLTK}: The Natural Language Toolkit},
  author = {Bird, Steven and Loper, Edward},
  booktitle = {Proceedings of the {ACL} Interactive Poster and Demonstration Sessions},
  month = jul,
  year = {2004},
  address = {Barcelona, Spain},
  publisher = {Association for Computational Linguistics},
  url = {https://aclanthology.org/P04-3031/},
  pages = {214--217}
}

@inproceedings{holtzman2020curious,
  title = {The Curious Case of Neural Text Degeneration},
  author = {Holtzman, Ari and Buys, Jan and Du, Li and Forbes, Maxwell and Choi, Yejin},
  booktitle = {Proceedings of the 8th International Conference on Learning Representations (ICLR)},
  year = {2020},
  url = {https://arxiv.org/abs/1904.09751},
  eprint = {1904.09751},
  archivePrefix = {arXiv}
}

@inproceedings{lesk1986automatic,
  title = {Automatic Sense Disambiguation Using Machine Readable Dictionaries: How to Tell a Pine Cone from an Ice Cream Cone},
  author = {Lesk, Michael E.},
  booktitle = {Proceedings of the 5th Annual International Conference on Systems Documentation (SIGDOC '86)},
  pages = {24--26},
  year = {1986},
  address = {New York, NY, USA},
  publisher = {ACM},
  url = {https://dl.acm.org/doi/10.1145/318723.318728}
}

@inproceedings{pilehvar2019wic,
  title = {{WiC}: the Word-in-Context Dataset for Evaluating Context-Sensitive Meaning Representations},
  author = {Pilehvar, Mohammad Taher and Camacho-Collados, Jose},
  booktitle = {Proceedings of the 2019 Conference of the North {A}merican Chapter of the Association for Computational Linguistics: Human Language Technologies, Volume 1 (Long and Short Papers)},
  month = jun,
  year = {2019},
  address = {Minneapolis, Minnesota},
  publisher = {Association for Computational Linguistics},
  url = {https://aclanthology.org/N19-1128/},
  doi = {10.18653/v1/N19-1128},
  pages = {1267--1273}
}

% ArXiv Preprints and Technical Reports
@misc{breit2021wictsv,
  title = {{WiC-TSV}: An Evaluation Benchmark for Target Sense Verification of Words in Context},
  author = {Breit, Anna and Revenko, Artem and Rezaee, Kiamehr and Pilehvar, Mohammad Taher and Camacho-Collados, Jose},
  year = {2021},
  eprint = {2004.15016},
  archivePrefix = {arXiv},
  primaryClass = {cs.CL},
  url = {https://arxiv.org/abs/2004.15016}
}

@misc{chiang2024chatbot,
  title = {Chatbot Arena: An Open Platform for Evaluating {LLMs} by Human Preference},
  author = {Chiang, Wei-Lin and Zheng, Lianmin and Sheng, Ying and Angelopoulos, Anastasios Nikolas and Li, Tianle and Li, Dacheng and Zhang, Hao and Zhu, Banghua and Jordan, Michael and Gonzalez, Joseph E. and Stoica, Ion},
  year = {2024},
  eprint = {2403.04132},
  archivePrefix = {arXiv},
  primaryClass = {cs.AI},
  url = {https://arxiv.org/abs/2403.04132}
}

@misc{raganato2020xlwic,
  title = {{XL-WiC}: A Multilingual Benchmark for Evaluating Semantic Contextualization},
  author = {Raganato, Alessandro and Pasini, Tommaso and Camacho-Collados, Jose and Pilehvar, Mohammad Taher},
  year = {2020},
  eprint = {2010.06478},
  archivePrefix = {arXiv},
  primaryClass = {cs.CL},
  url = {https://arxiv.org/abs/2010.06478}
}

@misc{sarlin2020superglue,
  title = {{SuperGlue}: Learning Feature Matching with Graph Neural Networks},
  author = {Sarlin, Paul-Edouard and DeTone, Daniel and Malisiewicz, Tomasz and Rabinovich, Andrew},
  year = {2020},
  eprint = {1911.11763},
  archivePrefix = {arXiv},
  primaryClass = {cs.CV},
  url = {https://arxiv.org/abs/1911.11763}
}

@misc{wang2020superglue,
  title = {{SuperGLUE}: A Stickier Benchmark for General-Purpose Language Understanding Systems},
  author = {Wang, Alex and Pruksachatkun, Yada and Nangia, Nikita and Singh, Amanpreet and Michael, Julian and Hill, Felix and Levy, Omer and Bowman, Samuel R.},
  year = {2020},
  eprint = {1905.00537},
  archivePrefix = {arXiv},
  primaryClass = {cs.CL},
  url = {https://arxiv.org/abs/1905.00537}
}

% Software and Models
@misc{anthropic2025api,
  title = {Client {SDKs} - {Anthropic} {API}},
  author = {Anthropic},
  year = {2025},
  howpublished = {\url{https://docs.anthropic.com/en/api/client-sdks}}
}

@misc{berend2025phi,
  title = {11\_phi.ipynb},
  author = {Berend, Gábor},
  year = {2025},
  note = {Google Colab jegyzetfüzet},
  howpublished = {\url{https://colab.research.google.com/drive/1GQRiTDNWwNPP_PPARYd1swY1Oiai9Ey_}},
  urldate = {2025-05-23}
}

@misc{gemma22b2024,
  title = {Gemma-2-2b-it},
  author = {Google},
  howpublished = {\url{https://huggingface.co/google/gemma-2-2b-it}},
  year = {2024}
}

@misc{openai2025api,
  title = {{OpenAI} {API} Documentation Overview},
  author = {OpenAI},
  year = {2025},
  url = {https://platform.openai.com/docs/overview}
}

@misc{peters2004zen,
  title = {{PEP} 20 -- The Zen of Python},
  author = {Peters, Tim},
  year = {2004},
  howpublished = {\url{https://peps.python.org/pep-0020/}},
  note = {Python Enhancement Proposal}
}

@misc{phi4mini2024,
  title = {Phi-4-mini-instruct},
  author = {Microsoft},
  howpublished = {\url{https://huggingface.co/microsoft/Phi-4-mini-instruct}},
  year = {2024}
}

@misc{qwen15chat2024,
  title = {Qwen1.5-1.8B-Chat},
  author = {Qwen},
  howpublished = {\url{https://huggingface.co/Qwen/Qwen1.5-1.8B-Chat}},
  year = {2024}
}

% Online Resources and Web Articles
@online{oloruntoba2024solid,
  title = {{SOLID}: The First 5 Principles of Object Oriented Design},
  author = {Oloruntoba, Samuel and Walia, Anish Singh},
  year = {2024},
  month = apr,
  url = {https://www.digitalocean.com/community/conceptual-articles/s-o-l-i-d-the-first-five-principles-of-object-oriented-design}
}

@online{springboard2023gpt3,
  title = {{OpenAI} {GPT-3}: Everything You Need to Know},
  author = {Springboard},
  year = {2023},
  url = {https://www.springboard.com/blog/data-science/machine-learning-gpt-3-open-ai/}
}

@online{verge2023nytai,
  title = {The New York Times prohibits using its content to train {AI} models},
  author = {The Verge},
  year = {2023},
  url = {https://www.theverge.com/2023/8/14/23831109/the-new-york-times-ai-web-scraping-rules-terms-of-service}
}

@online{manrai2020covid,
  author       = {Arjun K. Manrai and Kenneth D. Mandl},
  title        = {Covid-19 testing: overcoming challenges in the next phase of the epidemic},
  year         = {2020},
  month        = mar,
  day          = {31},
  url          = {https://www.statnews.com/2020/03/31/covid-19-overcoming-testing-challenges/},
  note         = {Accessed: 2025-05-25}
}

@book{martin2008cleancode,
  title        = {Clean Code: A Handbook of Agile Software Craftsmanship},
  author       = {Martin, Robert C.},
  year         = {2008},
  publisher    = {Prentice Hall},
  address      = {Upper Saddle River, NJ, USA},
  isbn         = {978-0-13-235088-4}
}
